@article{Zangari2024,
  author  = {Zangari, A. and Marcuzzo, M. and Rizzo, M. and Giudice, L. and Albarelli, A. and Gasparetto, A.},
  title   = {Hierarchical Text Classification and Its Foundations: A Review of Current Research},
  journal = {Electronics},
  year    = {2024},
  volume  = {13},
  number  = {7},
  pages   = {1199},
  doi     = {10.3390/electronics13071199},
  url     = {https://doi.org/10.3390/electronics13071199}
}

@article{Hu2025,
  author  = {Hu, W. and Fan, Q. and Yan, H. and Xu, X. and Huang, S. and Zhang, K.},
  title   = {A Survey of Multi-Label Text Classification Under Few-Shot Scenarios},
  journal = {Applied Sciences},
  year    = {2025},
  volume  = {15},
  pages   = {8872},
  doi     = {10.3390/app15168872},
  url     = {https://doi.org/10.3390/app15168872}
}

@article{TidakeSane2018,
  author  = {Tidake, Vaishali S. and Sane, Shirish S.},
  title   = {Multi-label Classification: a survey},
  journal = {International Journal of Engineering \& Technology},
  year    = {2018},
  volume  = {7},
  number  = {4.19},
  pages   = {1045},
  doi     = {10.14419/ijet.v7i4.19.28284},
  url     = {https://doi.org/10.14419/ijet.v7i4.19.28284}
}

@article{Huang2024,
  author  = {Huang, S. and Hu, W. and Lu, B. and Fan, Q. and Xu, X. and Zhou, X. and Yan, H.},
  title   = {Application of Label Correlation in Multi-Label Classification: A Survey},
  journal = {Applied Sciences},
  year    = {2024},
  volume  = {14},
  pages   = {9034},
  doi     = {10.3390/app14199034},
  url     = {https://doi.org/10.3390/app14199034}
}

@misc{liu2023recentadvanceshierarchicalmultilabel,
  title         = {Recent Advances in Hierarchical Multi-label Text Classification: A Survey},
  author        = {Rundong Liu and Wenhan Liang and Weijun Luo and Yuxiang Song and He Zhang and Ruohua Xu and Yunfeng Li and Ming Liu},
  year          = {2023},
  eprint        = {2307.16265},
  archiveprefix = {arXiv},
  primaryclass  = {cs.CL},
  url           = {https://arxiv.org/abs/2307.16265}
}

@inproceedings{semeval2025task10,
  title     = {{SemEval}-2025 Task 10: Multilingual Characterization and Extraction of Narratives from Online News},
  author    = {Piskorski, Jakub and Mahmoud, Tarek and Nikolaidis, Nikolaos and Campos, Ricardo and Jorge, Al{\'i}pio and Dimitrov, Dimitar and Silvano, Purifica{\c c}{\~a}o and Yangarber, Roman and Sharma, Shivam and Chakraborty, Tanmoy and Guimar{\~a}es, Nuno Ricardo and Sartori, Elisa and Stefanovitch, Nicolas and Xie, Zhuohan and Nakov, Preslav and Da San Martino, Giovanni},
  booktitle = {Proceedings of the 19th International Workshop on Semantic Evaluation (SemEval 2025)},
  year      = {2025},
  address   = {Vienna, Austria}
}

@article{zhang_binary_2018,
  title    = {Binary relevance for multi-label learning: an overview},
  volume   = {12},
  issn     = {2095-2228, 2095-2236},
  url      = {http://link.springer.com/10.1007/s11704-017-7031-7},
  doi      = {10.1007/s11704-017-7031-7},
  language = {en},
  number   = {2},
  journal  = {Frontiers of Computer Science},
  author   = {Zhang, Min-Ling and Li, Yu-Kun and Liu, Xu-Ying and Geng, Xin},
  month    = apr,
  year     = {2018},
  pages    = {191--202}
}

@article{li_relative_2024,
  title   = {Relative Entropy and PageRank-Based Classifier Chains for Multi-Label Classification},
  volume  = {12},
  issn    = {2169-3536},
  url     = {https://ieeexplore.ieee.org/document/10549888/},
  doi     = {10.1109/ACCESS.2024.3409714},
  journal = {IEEE Access},
  author  = {Li, Xinyu and Ding, Jiaman and Hu, Shuang},
  year    = {2024},
  pages   = {87665--87674}
}

@article{weng_label_2020,
  title   = {Label Specific Features-Based Classifier Chains for Multi-Label Classification},
  volume  = {8},
  issn    = {2169-3536},
  url     = {https://ieeexplore.ieee.org/document/9035463/},
  doi     = {10.1109/ACCESS.2020.2980551},
  journal = {IEEE Access},
  author  = {Weng, Wei and Wang, Da-Han and Chen, Chin-Ling and Wen, Juan and Wu, Shun-Xiang},
  year    = {2020},
  pages   = {51265--51275}
}

@incollection{shan_co-learning_2018,
  address   = {Cham},
  title     = {Co-learning Binary Classifiers for LP-Based Multi-label Classification},
  volume    = {11266},
  isbn      = {9783030026974 9783030026981},
  url       = {https://link.springer.com/10.1007/978-3-030-02698-1_39},
  language  = {en},
  booktitle = {Intelligence Science and Big Data Engineering},
  publisher = {Springer International Publishing},
  author    = {Shan, Jincheng and Hou, Chenping and Zhuge, Wenzhang and Yi, Dongyun},
  editor    = {Peng, Yuxin and Yu, Kai and Lu, Jiwen and Jiang, Xingpeng},
  year      = {2018},
  doi       = {10.1007/978-3-030-02698-1_39},
  pages     = {443--453}
}

@inproceedings{devlin_bert_2019,
  address   = {Minneapolis, Minnesota},
  title     = {{BERT}: Pre-training of Deep Bidirectional Transformers for Language Understanding},
  url       = {http://aclweb.org/anthology/N19-1423},
  doi       = {10.18653/v1/N19-1423},
  language  = {en},
  booktitle = {Proceedings of the 2019 Conference of the North American Chapter of the Association for Computational Linguistics: Human Language Technologies, Volume 1 (Long and Short Papers)},
  publisher = {Association for Computational Linguistics},
  author    = {Devlin, Jacob and Chang, Ming-Wei and Lee, Kenton and Toutanova, Kristina},
  year      = {2019},
  pages     = {4171--4186}
}

@misc{conneau_unsupervised_2020,
  title         = {Unsupervised Cross-lingual Representation Learning at Scale},
  author        = {Alexis Conneau and Kartikay Khandelwal and Naman Goyal and Vishrav Chaudhary and Guillaume Wenzek and Francisco Guzm{\'a}n and Edouard Grave and Myle Ott and Luke Zettlemoyer and Veselin Stoyanov},
  year          = {2020},
  eprint        = {1911.02116},
  archiveprefix = {arXiv},
  primaryclass  = {cs.CL}
}

@inproceedings{sadat_hierarchical_2022,
  address   = {Abu Dhabi, United Arab Emirates},
  title     = {Hierarchical Multi-Label Classification of Scientific Documents},
  url       = {https://aclanthology.org/2022.emnlp-main.610},
  doi       = {10.18653/v1/2022.emnlp-main.610},
  language  = {en},
  booktitle = {Proceedings of the 2022 Conference on Empirical Methods in Natural Language Processing},
  publisher = {Association for Computational Linguistics},
  author    = {Sadat, Mobashir and Caragea, Cornelia},
  year      = {2022},
  pages     = {8923--8937}
}

@article{peng_hierarchical_2021,
  title   = {Hierarchical Taxonomy-Aware and Attentional Graph Capsule RCNNs for Large-Scale Multi-Label Text Classification},
  author  = {Hao Peng and Jianxin Li and Senzhang Wang and Lihong Wang and Qiran Gong and Renyu Yang and Bo Li and Philip S. Yu and Lifang He},
  journal = {IEEE Transactions on Knowledge and Data Engineering},
  year    = {2021},
  volume  = {33},
  number  = {6},
  pages   = {2505-2519},
  doi     = {10.1109/TKDE.2019.2956257}
}

@article{gong_hierarchical_2020,
  title   = {Hierarchical Graph Transformer-Based Deep Learning Model for Large-Scale Multi-Label Text Classification},
  author  = {Jibing Gong and Hongyuan Ma and Zhiyong Teng and Qi Teng and Hekai Zhang and Linfeng Du and Shuai Chen and Md Zakirul Alam Bhuiyan and Jianhua Li and Mingsheng Liu},
  journal = {IEEE Access},
  year    = {2020},
  volume  = {8},
  pages   = {30885-30896},
  doi     = {10.1109/ACCESS.2020.2973121}
}

@article{Sucar2014Multi-label,
  title   = {Multi-label classification with Bayesian network-based chain classifiers},
  author  = {L. Sucar and C. Bielza and E. Morales and Pablo Hernandez-Leal and Julio H. Zaragoza and P. Larra√±aga},
  journal = {Pattern Recognit. Lett.},
  year    = {2014},
  volume  = {41},
  pages   = {14-22},
  doi     = {10.1016/J.PATREC.2013.11.007}
}


@article{Read2011,
  author  = {Read, J. and Pfahringer, B. and Holmes, G. and Frank, E.},
  title   = {Classifier Chains for Multi-label Classification},
  journal = {Machine Learning},
  year    = {2011},
  volume  = {85},
  number  = {3},
  pages   = {333--359},
  doi     = {10.7007/s10994-011-5256-5},
  url     = {https://doi.org/10.1007/s10994-011-5256-5}
}

@article{Cherman2011,
  author  = {Cherman, E. A. and Monard, M. C. and Metz, J.},
  title   = {Multi-label Problem Transformation Methods: a Case Study},
  journal = {CLEI Electronic Journal},
  year    = {2011},
  volume  = {14},
  number  = {1},
  month   = {April},
  doi     = {10.19153/cleiej.14.1.4},
  url     = {https://doi.org/10.19153/cleiej.14.1.4}
}

@article{Read2021,
  author  = {Read, J. and Pfahringer, B. and Holmes, G. and Frank, E.},
  title   = {Classifier Chains: A Review and Perspectives},
  journal = {Journal of Artificial Intelligence Research},
  year    = {2021},
  volume  = {70},
  pages   = {683--718},
  doi     = {10.1613/jair.1.12376},
  url     = {https://doi.org/10.1613/jair.1.12376}
}

@article{Zhang2018,
  author  = {Zhang, M.-L. and Li, Y.-K. and Liu, X.-Y. and Geng, X.},
  title   = {Binary relevance for multi-label learning: an overview},
  journal = {Frontiers of Computer Science},
  year    = {2018},
  volume  = {12},
  number  = {2},
  pages   = {191--202},
  doi     = {10.1007/s11704-017-7031-7},
  url     = {https://doi.org/10.1007/s11704-017-7031-7}
}

@inproceedings{Wehrmann2018,
  author    = {Wehrmann, Jonatas and Cerri, Ricardo and Barros, Rodrigo},
  title     = {Hierarchical Multi-Label Classification Networks},
  booktitle = {Proceedings of the 35th International Conference on Machine Learning},
  series    = {Proceedings of Machine Learning Research},
  volume    = {80},
  pages     = {5075--5084},
  year      = {2018},
  editor    = {Dy, Jennifer and Krause, Andreas},
  month     = {Jul},
  publisher = {PMLR},
  url       = {http://proceedings.mlr.press/v80/wehrmann18a.html},
  pdf       = {http://proceedings.mlr.press/v80/wehrmann18a/wehrmann18a.pdf}
}

@article{Romero2022,
  author  = {Romero, Miguel and Finke, Jorge and Rocha, Camilo},
  title   = {A top-down supervised learning approach to hierarchical multi-label classification in networks},
  journal = {Applied Network Science},
  year    = {2022},
  volume  = {7},
  number  = {1},
  pages   = {8},
  doi     = {10.1007/s41109-022-00445-3},
  url     = {https://doi.org/10.1007/s41109-022-00445-3}
}

@misc{wang2024graphneuralnetworkstext,
  title         = {Graph Neural Networks for Text Classification: A Survey},
  author        = {Kunze Wang and Yihao Ding and Soyeon Caren Han},
  year          = {2024},
  eprint        = {2304.11534},
  archiveprefix = {arXiv},
  primaryclass  = {cs.CL},
  doi           = {https://doi.org/10.1007/s10462-024-10808-0},
  url           = {https://arxiv.org/abs/2304.11534}
}

@inproceedings{li2021heterogeneous,
  author    = {Li, Irene and Li, Tianxiao and Li, Yixin and Dong, Ruihai and Suzumura, Toyotaro},
  title     = {Heterogeneous Graph Neural Networks for Multi-label Text Classification},
  booktitle = {Lecture Notes in Computer Science},
  year      = {2021},
  note      = {arXiv:2103.14620},
  url       = {https://arxiv.org/abs/2103.14620},
  doi       = {10.48550/ARXIV.2103.14620}
}

@misc{glazkova2024evaluating,
  author        = {Glazkova, Anna V. and Zakharova, Olga V.},
  title         = {Evaluating LLM Prompts for Data Augmentation in Multi-label Classification of Ecological Texts},
  year          = {2024},
  eprint        = {2411.14896},
  archiveprefix = {arXiv},
  primaryclass  = {cs.CL},
  url           = {https://arxiv.org/abs/2411.14896}
}

@article{yuan2024research,
  author  = {Yuan, Ling and Xu, Xinyi and Sun, Ping and Yu, Haiping and Wei, Yin Zhen and Zhou, Junjie},
  title   = {Research of Multi-Label Text Classification based on Label Attention and Correlation Networks},
  journal = {PLOS ONE},
  year    = {2024},
  volume  = {19},
  number  = {9},
  pages   = {e0311305},
  doi     = {10.1371/journal.pone.0311305},
  url     = {https://doi.org/10.1371/journal.pone.0311305},
  pmid    = {39348355},
  pmcid   = {PMC11441674}
}

@article{razuvayevskaya2024comparison,
  author  = {Razuvayevskaya, Olesya and Wu, Ben and Leite, Jo\~ao A. and Heppell, Freddy and Srba, Ivan and Scarton, Carolina and Bontcheva, Kalina and others},
  title   = {Comparison between parameter-efficient techniques and full fine-tuning: A case study on multilingual news article classification},
  journal = {PLOS ONE},
  year    = {2024},
  volume  = {19},
  number  = {5},
  pages   = {e0301738},
  doi     = {10.1371/journal.pone.0301738},
  url     = {https://doi.org/10.1371/journal.pone.0301738},
  pmid    = {38701052},
  pmcid   = {PMC11068208}
}

@article{Luque2019The,
  title   = {The impact of class imbalance in classification performance metrics based on the binary confusion matrix},
  author  = {Amalia Luque and A. Carrasco and Alejandro Mart√≠n and A. D. L. Heras},
  journal = {Pattern Recognit.},
  year    = {2019},
  volume  = {91},
  pages   = {216-231},
  doi     = {10.1016/J.PATCOG.2019.02.023}
}

@article{Thabtah2020Data,
  title   = {Data imbalance in classification: Experimental evaluation},
  author  = {F. Thabtah and Suhel Hammoud and Firuz Kamalov and Amanda Gonsalves},
  journal = {Inf. Sci.},
  year    = {2020},
  volume  = {513},
  pages   = {429-441},
  doi     = {10.1016/j.ins.2019.11.004}
}

@misc{li2024surveyDAL,
  title         = {A Survey on Deep Active Learning: Recent Advances and New Frontiers},
  author        = {Li, Dongyuan and Wang, Zhen and Chen, Yankai and Jiang, Renhe and Ding, Weiping and Okumura, Manabu and others},
  year          = {2024},
  eprint        = {2405.00334v2},
  archiveprefix = {arXiv},
  primaryclass  = {cs.LG},
  url           = {https://arxiv.org/abs/2405.00334v2}
}

@inproceedings{liu2024alora,
  author    = {Liu, Zequan and Lyn, Jiawen and Zhu, Wei and Tian, Xing and Graham, Yvette},
  title     = {ALoRA: Allocating Low-Rank Adaptation for Fine-tuning Large Language Models},
  booktitle = {Proceedings of the 2024 Conference of the North American Chapter of the Association for Computational Linguistics: Human Language Technologies, Long Papers},
  year      = {2024},
  pages     = {622--641},
  address   = {Mexico City, Mexico},
  month     = {June},
  doi       = {10.18653/v1/2024.naacl-long.35},
  url       = {https://aclanthology.org/2024.naacl-long.35},
  pdf       = {https://aclanthology.org/2024.naacl-long.35.pdf}
}

@misc{whitehouse2023llm,
  author        = {Whitehouse, Chenxi and Choudhury, Monojit and Aji, Alham Fikri},
  title         = {LLM-powered Data Augmentation for Enhanced Cross-lingual Performance},
  year          = {2023},
  eprint        = {2305.14288},
  archiveprefix = {arXiv},
  primaryclass  = {cs.CL},
  url           = {https://arxiv.org/abs/2305.14288}
}

@misc{propaganda_site2025,
  author       = {{SemEval-2025 Task 10 Organizers}},
  title        = {SemEval 2025 Task 10: Multilingual Characterization and Extraction of Narratives from Online News (task webpage)},
  year         = {2025},
  howpublished = {\url{https://propaganda.math.unipd.it/semeval2025task10/}},
  note         = {Accessed 2025-09-16}
}

@inproceedings{Piskorski2025,
  author    = {Piskorski, Jakub and Mahmoud, Tarek and ...},
  title     = {SemEval-2025 Task 10: Multilingual Characterization and Extraction of Narratives from Online News},
  booktitle = {Proceedings of the 19th International Workshop on Semantic Evaluation (SemEval-2025)},
  year      = {2025},
  url       = {https://aclanthology.org/2025.semeval-1.331/},
  note      = {ACL Anthology}
}

@misc{Fane2025,
  author       = {Fane, Enfa and Surdeanu, Mihai and Blanco, Eduardo and Corman, Steven R.},
  title        = {Fane at SemEval-2025 Task 10: Zero-Shot Entity Framing with Large Language Models},
  howpublished = {arXiv preprint arXiv:2504.20469},
  year         = {2025},
  url          = {https://arxiv.org/abs/2504.20469}
}

@misc{Singh2025,
  author       = {Singh, Iknoor and Scarton, Carolina and Bontcheva, Kalina},
  title        = {GateNLP at SemEval-2025 Task 10: Hierarchical Three-Step Prompting for Multilingual Narrative Classification},
  howpublished = {arXiv preprint arXiv:2505.22867},
  year         = {2025},
  url          = {https://arxiv.org/abs/2505.22867}
}

@inproceedings{Fenu2025,
  author    = {Fenu, M. and ...},
  title     = {DEMON at SemEval-2025 Task 10: Fine-tuning LLaMA-3 for Multilingual Entity Framing},
  booktitle = {Proceedings of the 19th International Workshop on Semantic Evaluation (SemEval-2025)},
  year      = {2025},
  url       = {https://aclanthology.org/2025.semeval-1.192/}
}

@misc{Ronningstad2025,
  author       = {R{\o}nningstad, Egil and Negi, Gaurav},
  title        = {LTG at SemEval-2025 Task 10: Optimizing Context for Classification of Narrative Roles},
  year         = {2025},
  howpublished = {arXiv preprint arXiv:2506.05976},
  url          = {https://arxiv.org/abs/2506.05976}
}

@inproceedings{Premnath2025,
  author    = {Premnath, P. and ...},
  title     = {TECHSSN at SemEval-2025 Task 10: A Comparative Study for Narrative Extraction},
  booktitle = {Proceedings of the 19th International Workshop on Semantic Evaluation (SemEval-2025)},
  year      = {2025},
  url       = {https://aclanthology.org/2025.semeval-1.286/}
}

@misc{mdeberta_model2025,
  author       = {Assis Moraes, G. and others},
  title        = {mdeberta-semeval25task10 (Hugging Face model card)},
  howpublished = {\url{https://huggingface.co/g-assismoraes/mdeberta-semeval25task10}},
  year         = {2025},
  note         = {Model card; fine-tuned for Subtask 2}
}

@misc{leaderboard2025,
  author       = {{SemEval-2025 Task 10 Organizers}},
  title        = {SemEval 2025 Task 10 Leaderboard (official results)},
  year         = {2025},
  howpublished = {\url{https://propaganda.math.unipd.it/semeval2025task10/leaderboard.php}},
  note         = {Accessed 2025-09-16}
}

@misc{SemEval2025_portal2024,
  author       = {{SemEval-2025 Task 10 Organizers}},
  title        = {SemEval 2025 Task 10 Official Portal},
  year         = {2024},
  howpublished = {\url{https://propaganda.math.unipd.it/semeval2025task10/}},
  note         = {Task registration and dataset access portal}
}

@misc{GateNLP_github2025,
  author       = {Singh, Iknoor and Scarton, Carolina and Bontcheva, Kalina},
  title        = {GateNLP H3Prompt System Code Repository},
  year         = {2025},
  howpublished = {\url{https://github.com/GateNLP/semeval2025-task10}},
  note         = {GitHub repository for hierarchical three-step prompting system}
}

@inproceedings{Nakov2025,
  author    = {Nakov, Preslav and others},
  title     = {BERTastic at SemEval-2025 Task 10: Fine-tuned Transformers for Multilingual Narrative Analysis},
  booktitle = {Proceedings of the 19th International Workshop on Semantic Evaluation (SemEval-2025)},
  year      = {2025},
  url       = {https://aclanthology.org/2025.semeval-1.177/}
}

@misc{QUST2025,
  author       = {Zhang, Wei and Li, Xiaoming and others},
  title        = {QUST at SemEval-2025 Task 10: Multi-label Role Classification with Label Balancing},
  year         = {2025},
  howpublished = {arXiv preprint arXiv:2506.18432},
  url          = {https://arxiv.org/abs/2506.18432}
}

@inproceedings{DevlinBert2018,
  title     = {BERT: Pre-training of Deep Bidirectional Transformers for Language Understanding},
  author    = {Devlin, Jacob and Chang, Ming-Wei and Lee, Kenton and Toutanova, Kristina},
  booktitle = {Proceedings of the 2019 Conference of the North American Chapter of the Association for Computational Linguistics: Human Language Technologies},
  year      = {2019}
}

@inproceedings{Wu2024AutoGen,
  title     = {AutoGen: Enabling Next-Gen LLM Applications via Multi-Agent Conversation},
  author    = {Qingyun Wu and Gagan Bansal and Jieyu Zhang and Yiran Wu and Beibin Li and Erkang (Eric) Zhu and Li Jiang and Xiaoyun Zhang and Shaokun Zhang and Jiale Liu and Ahmed Hassan Awadallah and Ryen W. White and Doug Burger and Chi Wang},
  booktitle = {LLM Agents Workshop, ICLR 2024},
  year      = {2024},
  note      = {Best Paper award},
  eprint    = {arXiv:2308.08155},
  url       = {https://arxiv.org/abs/2308.08155}
}

@software{langgraph2024,
  title  = {LangGraph: Build resilient language agents as graphs},
  author = {{LangChain AI}},
  year   = {2024},
  url    = {https://github.com/langchain-ai/langgraph},
  note   = {Accessed: 2025-09-19}
}

@software{langsmith2024,
  title  = {LangSmith: Developer platform for building reliable LLM applications},
  author = {{LangChain AI}},
  year   = {2024},
  url    = {https://www.langchain.com/langsmith},
  note   = {Accessed: 2025-09-19}
}

% Original DeBERTa paper (ICLR 2021)
@inproceedings{he2020deberta,
  title     = {DeBERTa: Decoding-enhanced BERT with Disentangled Attention},
  author    = {He, Pengcheng and Liu, Xiaodong and Gao, Jianfeng and Chen, Weizhu},
  booktitle = {International Conference on Learning Representations},
  year      = {2021},
  url       = {https://openreview.net/forum?id=XPZIaotutsD}
}

% Note: DeBERTa original reference is listed above as he2020deberta and is used throughout the document.

% Original Transformer paper
@inproceedings{vaswani2017attention,
  title     = {Attention is all you need},
  author    = {Vaswani, Ashish and Shazeer, Noam and Parmar, Niki and Uszkoreit, Jakob and Jones, Llion and Gomez, Aidan N and Kaiser, {\L}ukasz and Polosukhin, Illia},
  booktitle = {Advances in Neural Information Processing Systems},
  pages     = {5998--6008},
  year      = {2017}
}

@inproceedings{wolf-etal-2020-transformers,
  title     = {Transformers: State-of-the-Art Natural Language Processing},
  author    = {Thomas Wolf and Lysandre Debut and Victor Sanh and Julien Chaumond and Clement Delangue and Anthony Moi and Pierric Cistac and Tim Rault and R√©mi Louf and Morgan Funtowicz and Joe Davison and Sam Shleifer and Patrick von Platen and Clara Ma and Yacine Jernite and Julien Plu and Canwen Xu and Teven Le Scao and Sylvain Gugger and Mariama Drame and Quentin Lhoest and Alexander M. Rush},
  booktitle = {Proceedings of the 2020 Conference on Empirical Methods in Natural Language Processing: System Demonstrations},
  month     = oct,
  year      = {2020},
  address   = {Online},
  publisher = {Association for Computational Linguistics},
  url       = {https://www.aclweb.org/anthology/2020.emnlp-demos.6},
  doi       = {10.18653/v1/2020.emnlp-demos.6},
  pages     = {38--45}
}

@misc{google_gemini_2024,
  author       = {{Google Research}},
  title        = {Introducing Gemini},
  year         = {2024},
  howpublished = {\url{https://blog.google/technology/ai/introducing-gemini/}},
  note         = {Google Research blog post; accessed 2025-09-24}
}

@misc{SemEval2020Task11,
  title        = {{SemEval-2020 Task 11: Detection of Propaganda Techniques in News Articles}},
  author       = {Da San Martino, Giovanni and Barr{\'o}n-Cede{\~n}o, Alberto and Wachsmuth, Henning and Petrov, Rostislav and Nakov, Preslav},
  year         = {2020},
  howpublished = {\url{https://propaganda.qcri.org/semeval2020-task11/}},
  note         = {SemEval-2020 shared task}
}

@misc{SemEval2023Task3,
  title        = {{SemEval-2023 Task 3: Detecting the Genre, the Framing, and the Persuasion Techniques in Online News in a Multi-lingual Setup}},
  author       = {Da San Martino, Giovanni and Nakov, Preslav and Piskorski, Jakub and Stefanovitch, Nicolas},
  year         = {2023},
  howpublished = {\url{https://propaganda.math.unipd.it/semeval2023task3/}},
  note         = {SemEval-2023 shared task}
}

@misc{SemEval2024Task4,
  title        = {{SemEval-2024 Task 4: Multilingual Detection of Persuasion Techniques in Memes}},
  author       = {Dimitrov, Dimitar and Da San Martino, Giovanni and Nakov, Preslav and Alam, Firoj and Hasanain, Maram and Hasnat, Abul and Silvestri, Fabrizio},
  year         = {2024},
  howpublished = {\url{https://propaganda.math.unipd.it/semeval2024task4/}},
  note         = {SemEval-2024 shared task}
}

@inproceedings{HierarchyEverywhere2024,
  title     = {{HierarchyEverywhere at SemEval-2024 Task 4: Detection of Persuasion Techniques in Memes Using Hierarchical Text Classifier}},
  author    = {Ghahroodi, Omid and Asgari, Ehsaneddin},
  booktitle = {Proceedings of the 18th International Workshop on Semantic Evaluation (SemEval-2024)},
  month     = {June},
  year      = {2024},
  address   = {Mexico City, Mexico},
  publisher = {Association for Computational Linguistics},
  pages     = {1727--1732},
  doi       = {10.18653/v1/2024.semeval-1.247},
  url       = {https://aclanthology.org/2024.semeval-1.247}
}

@article{Qin2024InFoBench,
  title   = {InFoBench: A Benchmark for Information Disorder Detection in Social Media},
  author  = {Qin, Tianyi and Wu, Yaliang and Zhang, Yaliang and Liu, Weiliang and Li, Jundong and Yu, Philip S.},
  journal = {IEEE Transactions on Knowledge and Data Engineering},
  year    = {2024},
  volume  = {36},
  number  = {5},
  pages   = {2132-2145},
  doi     = {10.1109/TKDE.2023.3282153}
}